<record><leader>00000cas a2200000 a 4500</leader><controlfield tag="001">11947105</controlfield><controlfield tag="008">850422d18971901ksuwr ne      0    0eng d</controlfield><datafield ind1=" " ind2=" " tag="010"><subfield code="a">sn 85031366 </subfield></datafield><datafield ind1=" " ind2=" " tag="040"><subfield code="a">KSH</subfield><subfield code="b">eng</subfield><subfield code="c">KSH</subfield><subfield code="d">NPT</subfield><subfield code="d">OCL</subfield><subfield code="d">OCLCQ</subfield></datafield><datafield ind1=" " ind2=" " tag="042"><subfield code="a">msc</subfield></datafield><datafield ind1="0" ind2="0" tag="245"><subfield code="a">Blue Rapids motor.</subfield></datafield><datafield ind1=" " ind2=" " tag="260"><subfield code="a">Blue Rapids, Kan. :</subfield><subfield code="b">Geo. K. Thompson,</subfield><subfield code="c">1897-1901.</subfield></datafield><datafield ind1=" " ind2=" " tag="300"><subfield code="a">5 v. ;</subfield><subfield code="c">50 cm.</subfield></datafield><datafield ind1=" " ind2=" " tag="310"><subfield code="a">Weekly</subfield></datafield><datafield ind1="0" ind2=" " tag="362"><subfield code="a">Vol. 7, no. 29 (Jan. 1, 1897)-v. 12, no. 5 (Aug. 2, 1901).</subfield></datafield><datafield ind1=" " ind2=" " tag="500"><subfield code="a">Publisher varies.</subfield></datafield><datafield ind1=" " ind2=" " tag="500"><subfield code="a">"Republican."</subfield></datafield><datafield ind1=" " ind2=" " tag="752"><subfield code="a">United States</subfield><subfield code="b">Kansas</subfield><subfield code="c">Marshall</subfield><subfield code="d">Blue Rapids.</subfield></datafield><datafield ind1="0" ind2="0" tag="780"><subfield code="t">Blue Rapids weekly motor</subfield><subfield code="w">(DLC)sn 85031174</subfield></datafield><datafield ind1="0" ind2="0" tag="785"><subfield code="t">Blue Rapids times</subfield><subfield code="w">(OCoLC)11341384</subfield></datafield><datafield ind1="1" ind2=" " tag="029"><subfield code="a">AU@</subfield><subfield code="b">000020378947</subfield></datafield></record>